 @article{tcga2012,
 	title={Comprehensive molecular portraits of human breast tumours},
 	author={Cancer Genome Atlas Network and others},
 	journal={Nature},
 	volume={490},
 	number={7418},
 	pages={61},
 	year={2012},
 	publisher={Nature Publishing Group}
 }

 
 @article{wu2021,
	title={Breast Cancer Type Classification Using Machine Learning},
	author={Wu, Jiande and Hicks, Chindo},
	journal={Journal of Personalized Medicine},
	volume={11},
	number={2},
	pages={61},
	year={2021},
	publisher={Multidisciplinary Digital Publishing Institute}
}

@article{lehmann2011,
	title={Identification of human triple-negative breast cancer subtypes and preclinical models for selection of targeted therapies},
	author={Lehmann, Brian D and Bauer, Joshua A and Chen, Xi and Sanders, Melinda E and Chakravarthy, A Bapsi and Shyr, Yu and Pietenpol, Jennifer A and others},
	journal={The Journal of clinical investigation},
	volume={121},
	number={7},
	pages={2750--2767},
	year={2011},
	publisher={Am Soc Clin Investig}
}
